@phdthesis{norell:thesis,
  author  = {Ulf Norell},
  title	  = {Towards a practical programming language based on dependent type theory},
  school  = {Department of Computer Science and Engineering, Chalmers University of Technology},
  year	  = 2007,
  month	  = sep,
  address = {SE-412 96 G\"{o}teborg, Sweden},
  language={english}
}


@article{DBLP:journals/cacm/Wadler15,
  author    = {Philip Wadler},
  title     = {Propositions as types},
  journal   = {Commun. {ACM}},
  volume    = {58},
  number    = {12},
  pages     = {75--84},
  year      = {2015},
  url       = {https://doi.org/10.1145/2699407},
  doi       = {10.1145/2699407},
  timestamp = {Wed, 14 Nov 2018 10:22:36 +0100},
  biburl    = {https://dblp.org/rec/journals/cacm/Wadler15.bib},
  bibsource = {dblp computer science bibliography, https://dblp.org}
}

@article{DBLP:journals/jfp/Swierstra08,
  author    = {Wouter Swierstra},
  title     = {Data types {\`{a}} la carte},
  journal   = {J. Funct. Program.},
  volume    = {18},
  number    = {4},
  pages     = {423--436},
  year      = {2008},
  url       = {https://doi.org/10.1017/S0956796808006758},
  doi       = {10.1017/S0956796808006758},
  timestamp = {Sat, 27 May 2017 14:24:34 +0200},
  biburl    = {https://dblp.org/rec/journals/jfp/Swierstra08.bib},
  bibsource = {dblp computer science bibliography, https://dblp.org}
}

@inproceedings{DBLP:conf/icfp/Brady13,
  author    = {Edwin C. Brady},
  editor    = {Greg Morrisett and
               Tarmo Uustalu},
  title     = {Programming and reasoning with algebraic effects and dependent types},
  booktitle = {{ACM} {SIGPLAN} International Conference on Functional Programming,
               ICFP'13, Boston, MA, {USA} - September 25 - 27, 2013},
  pages     = {133--144},
  publisher = {{ACM}},
  year      = {2013},
  url       = {https://doi.org/10.1145/2500365.2500581},
  doi       = {10.1145/2500365.2500581},
  timestamp = {Sun, 21 Jun 2020 17:42:35 +0200},
  biburl    = {https://dblp.org/rec/conf/icfp/Brady13.bib},
  bibsource = {dblp computer science bibliography, https://dblp.org}
}

@Book{hottbook,
  author =    {The {Univalent Foundations Program}},
  title =     {Homotopy Type Theory: Univalent Foundations of Mathematics},
  publisher = {\url{https://homotopytypetheory.org/book}},
  address =   {Institute for Advanced Study},
  year =      2013
}

@MISC{Hanus95curry,
    author = {Michael Hanus and Herbert Kuchen and Juan Jos√© Moreno-Navarro},
    title = {Curry: A Truly Functional Logic Language},
    year = {1995}
}
